<?xml version="1.0" encoding="UTF-8"?>
<collection xmlns:xsi="http://www.w3.org/2001/XMLSchema-instance" xsi:schemaLocation="http://www.loc.gov/MARC21/slim http://www.loc.gov/standards/marcxml/schema/MARC21slim.xsd" xmlns="http://www.loc.gov/MARC21/slim">
<record>
  <leader>01008cam a22002771a 4500</leader>
  <controlfield tag="001">2504084</controlfield>
  <controlfield tag="003">NNC</controlfield>
  <controlfield tag="005">20160623143731.0</controlfield>
  <controlfield tag="008">961029m1970    iq                  ara  </controlfield>
  <datafield tag="010" ind1=" " ind2=" ">
    <subfield code="a">   74280022  </subfield>
  </datafield>
  <datafield tag="035" ind1=" " ind2=" ">
    <subfield code="a">(OCoLC)43910702</subfield>
  </datafield>
  <datafield tag="035" ind1=" " ind2=" ">
    <subfield code="a">(OCoLC)ocm43910702</subfield>
  </datafield>
  <datafield tag="035" ind1=" " ind2=" ">
    <subfield code="9">AQF5877CU</subfield>
  </datafield>
  <datafield tag="035" ind1=" " ind2=" ">
    <subfield code="a">(NNC)2504084</subfield>
  </datafield>
  <datafield tag="040" ind1=" " ind2=" ">
    <subfield code="a">DLC</subfield>
    <subfield code="c">DLC</subfield>
    <subfield code="d">MH</subfield>
    <subfield code="d">CStRLIN</subfield>
  </datafield>
  <datafield tag="090" ind1=" " ind2=" ">
    <subfield code="a">HB75</subfield>
    <subfield code="b">.K728</subfield>
  </datafield>
  <datafield tag="100" ind1="1" ind2=" ">
    <subfield code="a">Kubbah, Ibrāhīm.</subfield>
  </datafield>
  <datafield tag="245" ind1="1" ind2="0">
    <subfield code="a">Dirāsāt fī tārīkh al-iqtiṣād wa-al-fikr al-iqtiṣādī /</subfield>
    <subfield code="c">[taʾlīf] Ibrāhīm Kubbah.</subfield>
  </datafield>
  <datafield tag="250" ind1=" " ind2=" ">
    <subfield code="a">al-Ṭabʻah 1.</subfield>
  </datafield>
  <datafield tag="260" ind1=" " ind2=" ">
    <subfield code="a">Baghdād :</subfield>
    <subfield code="b">Maṭbaʻat al-Irshād,</subfield>
    <subfield code="c">1970-</subfield>
  </datafield>
  <datafield tag="300" ind1=" " ind2=" ">
    <subfield code="a">v. ;</subfield>
    <subfield code="c">26 cm. ; v. 1.</subfield>
  </datafield>
  <datafield tag="500" ind1=" " ind2=" ">
    <subfield code="a">Cover title:  Studies in the history of economic systems and thought [by] Ibrahim Kubba.</subfield>
  </datafield>
  <datafield tag="500" ind1=" " ind2=" ">
    <subfield code="a">"(Talkhīṣ) li-muḥāḍarāt ulqiyat ... ʻalá ṭalabat jāmiʻatay Baghdād wa-al-Mustanṣirīyah"</subfield>
  </datafield>
  <datafield tag="504" ind1=" " ind2=" ">
    <subfield code="a">Includes bibliographical references.</subfield>
  </datafield>
  <datafield tag="650" ind1=" " ind2="0">
    <subfield code="a">Economics</subfield>
    <subfield code="x">History.</subfield>
  </datafield>
  <datafield tag="955" ind1=" " ind2=" ">
    <subfield code="b">CU15076288</subfield>
    <subfield code="d">off,leh</subfield>
    <subfield code="e">HB75 .K728</subfield>
    <subfield code="v">v.1</subfield>
  </datafield>
</record>
</collection>